@article{blandford2008controlled,
  title={Controlled experiments},
  author={Blandford, A. and Cox, A.L. and Cairns, P.},
  year={2008},
  publisher={Cambridge University Press}
}